<record><leader>00000cas a22000007a 4500</leader><controlfield tag="001">15219181</controlfield><controlfield tag="008">870220d19191920wiudn ne      0    0eng d</controlfield><datafield ind1=" " ind2=" " tag="010"><subfield code="a">sn 87082094 </subfield></datafield><datafield ind1=" " ind2=" " tag="040"><subfield code="a">NPV</subfield><subfield code="b">eng</subfield><subfield code="c">NPV</subfield><subfield code="d">OCLCQ</subfield></datafield><datafield ind1=" " ind2=" " tag="042"><subfield code="a">msc</subfield></datafield><datafield ind1="0" ind2="4" tag="245"><subfield code="a">The Grand Rapids leader.</subfield></datafield><datafield ind1=" " ind2=" " tag="260"><subfield code="a">Grand Rapids [i.e Wisconsin Rapids], Wis. :</subfield><subfield code="b">Wm. F. Huffman,</subfield><subfield code="c">1919-1920.</subfield></datafield><datafield ind1=" " ind2=" " tag="300"><subfield code="a">v.</subfield></datafield><datafield ind1=" " ind2=" " tag="310"><subfield code="a">Weekly</subfield></datafield><datafield ind1="0" ind2=" " tag="362"><subfield code="a">Fifth year, no. 1947 (Oct. 16, 1919)-fifth year, no. 2029 (Feb. 28, 1920).</subfield></datafield><datafield ind1=" " ind2=" " tag="752"><subfield code="a">United States</subfield><subfield code="b">Wisconsin</subfield><subfield code="c">Wood</subfield><subfield code="d">Wisconsin Rapids.</subfield></datafield><datafield ind1=" " ind2=" " tag="752"><subfield code="a">United States</subfield><subfield code="b">Wisconsin</subfield><subfield code="c">Wood</subfield><subfield code="d">Grand Rapids.</subfield></datafield><datafield ind1="0" ind2="0" tag="780"><subfield code="t">Daily leader (Wisconsin Rapids, Wis.)</subfield><subfield code="w">(DLC)sn 87082093</subfield></datafield><datafield ind1="0" ind2="0" tag="785"><subfield code="t">Grand Rapids tribune (Wisconsin Rapids, Wis. : 1920 : Daily)</subfield><subfield code="w">(DLC)sn 87082095</subfield></datafield></record>